2714 4880
81 223 82 230 ’
161 261 163 300 ;
233 241 261 293 x
484 247 501 266 ‘r
544 291 558 331 r.
691 201 928 292 ruinrnrro

118 405 143 421 ²
237 433 305 506 qur
292 404 447 504 ⁸legere
472 401 586 500 cupit,
609 399 730 486 videat
754 403 869 478 libros
887 405 1236 532 Grammaticorum,
1263 409 1329 479 Me

133 595 136 621 ,
235 536 355 623 thina,
380 531 625 656 Buttmanrri,
655 535 797 623 Ros-tii,
830 537 992 611 Wineri

266 659 453 749 Quod
479 657 604 734 attinet
631 657 678 731 ad
709 663 817 735 rerba
846 663 1077 759 irregularia
1110 683 1156 736 et·
1174 666 1329 758 defictis)

139 787 171 863 ι’
240 813 281 861 ea
304 809 445 864 tantum
474 776 642 887 tempora
668 769 961 888 easquesermas
984 787 1177 891 adscripsi,
1213 817 1305 892 qnae

237 913 288 988 N.
314 913 372 996 Tr·
391 915 590 1010 habentur,
619 917 884 1016 praetermissis
909 917 1075 1017 reliquis,
1109 917 1158 996 ira
1186 939 1229 994 ut
1254 921 1329 992 laer

238 1042 362 1118 statim
385 1041 525 1139 vident,
565 1028 658 1145 quie
682 1045 785 1119 verbi
809 1045 989 1120 fortunio
1020 1045 1152 1120 nostris
1182 1047 1329 1146 scriptor

60 1177 65 1190 ’
159 1212 169 1238 ·,
237 1169 309 1244 bus
332 1171 504 1272 legante,
530 1189 696 1274 quaeque
726 1197 831 1297 nors,
856 1173 923 1248 nbi
954 1167 1064 1248 simul
1086 1173 1236 1270 monui,
1266 1202 1329 1273 qu

149 1330 152 1340 ·
237 1299 413 1374 it'tr'nnoe.⁸
403 1327 443 1372 ιιι
468 1299 643 1398 antiquis
654 1322 691 1376 et
716 1302 816 1402 puris
841 1301 1078 1406 scriptoribus
1104 1327 1180 1376 non
1185 1233 1329 1384 iiabear

128 1516 129 1524 ἵ
237 1445 314 1524 tur,
351 1424 416 1504 aed
443 1425 660 1504 senonbns
665 1429 808 1502 tanturn
827 1427 907 1502 sint
930 1424 1134 1504 familiares.

258 1594 266 1608 ,
338 1543 472 1658 Neque
495 1555 630 1646 oblitus
651 1583 732 1640 sum
754 1554 926 1650 indicare,
952 1583 1044 1656 quae
1069 1556 1178 1664 verba
1202 1579 1329 1642 natura

235 1685 496 1780 deponentium
516 1683 682 1760 habeant
733 1683 858 1772 Quum
879 1705 1000 1757 autem
1026 1683 1289 1784 deponentium
1306 1715 1329 1759 rr

159 1803 165 1818 ¹
236 1829 318 1888 ture
329 1839 456 1913 nuper
475 1811 624 1915 deornm
646 1811 845 1888 accuratius
865 1811 911 1885 sit
931 1811 1133 1908 exquisita„
1146 1813 1283 1886 iactum
1301 1841 1329 1887 er

237 1959 301 2031 ut,
332 1938 510 2039 quaedam
537 1943 662 2016 verba
679 1969 755 2016 essa
787 1937 1028 2040 deponentia,
1061 1937 1100 2010 in
1125 1939 1244 2040 primo
1266 1941 1327 2016 vol

237 2066 350 2212 mirreb
370 2067 752 2148 uonadsc'riberetur.
802 2067 938 2143 Adieci
965 2089 1086 2142 autern
1109 2073 1241 2142 'eorunr
1269 2047 1329 2144 ind

234 2217 329 2268 nam
340 2187 378 2268 in
401 2199 684 2298 supplemento.
738 2237 740 2242 ¹
793 2223 796 2228 ·

291 2321 558 2436 Signumss
585 2325 687 2400 ubi⁸
676 2353 716 2398 ιιι
741 2325 815 2399 fine
842 2325 944 2404 vocis
970 2323 1135 2406 additum
1160 2345 1232 2419 est,
1264 2345 1329 2398 test

239 2413 326 2546 tur,
348 2451 446 2526 novi
474 2453 575 2528 Test.
604 2456 728 2548 locos,
764 2475 801 2527 et
833 2430 968 2552 duplex
989 2455 1053 2546 **,
1092 2453 1201 2525 simul
1230 2451 1329 2528 codis

118 2610 122 2618 ·
239 2579 439 2678 graeciV.
452 2581 551 2656 Test.
577 2582 746 2671 locos,
736 2582 933 2680 inquibus
956 2575 1329 2681 rosillalcgatnr,t

237 2729 352 2782 unum
372 2737 497 2785 omnes
518 2708 719 2810 adscriptos
743 2735 827 2785 esse.

203 2933 206 2947 .
343 2833 401 2912 No
427 2837 547 2920 aniam
564 2838 727 2912 ¹lectores
754 2837 859 2910 dubii
884 2837 977 2931 sint,-
1011 2839 1136 2937 quales
1166 2836 1259 2910 mihi
1282 2863 1329 2910 scr

201 3007 203 3019 ι
239 2966 551 3064 pserimdegesin
566 2959 864 3066 interpretatione
879 2965 927 3038 N.
947 2966 992 3042 T.
1015 2966 1256 3064 grammatica,
1275 2991 1329 3062 qur

243 3091 403 3186 dieitur,
434 3115 483 3174 e„
498 3121 573 3190 quo
598 3085 712 3168 modo
740 3081 845 3168 libris
871 3094 1108 3194 profanorum
1133 3094 1329 3234 in-interpr

241 3221 384 3296 tendis
380 3221 501 3294 libris
511 3219 561 3294 N.
576 3219 625 3294 Τ.
648 3219 758 3294 sacris
784 3220 964 3294 utendum
988 3245 1065 3294 esse
1090 3222 1329 3320 putaverim,

241 3372 340 3444 rest,
366 3349 439 3426 hoc
461 3351 555 3422 loco
565 3373 700 3430 meam
709 3348 1001 3449 qualemcunque
1026 3345 1237 3482 sententiani
1258 3375 1299 3422 ea
1323 3375 1329 3418 t

245 3477 442 3609 repensis
451 3476 643 3578 seponere.
706 3523 709 3542 ι
741 3567 743 3578 ἲ
1019 3486 1023 3496 ’

343 3603 478 3706 Negari
488 3615 571 3679 non
593 3617 728 3704 potest,
751 3605 887 3678 multoe
904 3600 953 3678 N.
973 3601 1018 3674 T.
1043 3585 1256 3704 interpretes
1279 3629 1329 3674 nn

241 3755 319 3812 tum
342 3740 511 3833 peccasse
532 3731 570 3804 in
594 3731 803 3816 enarrandis
828 3731 933 3808 libris
955 3729 1105 3827 N.'.'I¹.,.
1121 3723 1242 3806 studio
1265 3759 1329 3828 qua

241 3859 440 3955 tenderunt
463 3835 786 3953 hebraisniorum,
810 3859 875 3958 qui
901 3857 1090 3954 dicuntur,
1121 3853 1227 3932 nimis
1251 3857 1329 3932 iudr

230 3990 348 4083 sisse,
373 3989 413 4074 in
439 3985 721 4090 interpretandis
746 3979 895 4087 singulis
917 3987 1092 4076 verbis,
1082 3985 1248 4087 inprimis
1272 4013 1329 4084 prs

179 4119 498 4268 positionibus,
523 4115 857 4208 coniunctionibus,
882 4113 1087 4216 partictssis,
1097 4117 1203 4213 leges
1224 4142 1326 4214 graec

179 4213 404 4346 ⁸lirtg'trne
401 4247 628 4346 migrasse,
615 4239 930 4341 significationes
948 4265 1081 4350 teruere
1104 4241 1297 4336 effinxisse,
